<record><leader>00000cas a2200000 a 4500</leader><controlfield tag="001">26710979</controlfield><controlfield tag="008">921001d189u19uunmuwr ne      0    0eng d</controlfield><datafield ind1=" " ind2=" " tag="010"><subfield code="a">sn 92070556 </subfield></datafield><datafield ind1=" " ind2=" " tag="040"><subfield code="a">NVM</subfield><subfield code="b">eng</subfield><subfield code="c">NVM</subfield><subfield code="d">OCLCQ</subfield><subfield code="d">DLC</subfield><subfield code="d">OCLCQ</subfield><subfield code="d">OCLCF</subfield><subfield code="d">OCLCO</subfield><subfield code="d">IUL</subfield></datafield><datafield ind1="0" ind2=" " tag="041"><subfield code="a">eng</subfield><subfield code="a">spa</subfield></datafield><datafield ind1=" " ind2=" " tag="042"><subfield code="a">lccopycat</subfield></datafield><datafield ind1=" " ind2=" " tag="043"><subfield code="a">n-us-nm</subfield></datafield><datafield ind1="0" ind2="0" tag="050"><subfield code="a">Newspaper</subfield></datafield><datafield ind1="0" ind2=" " tag="130"><subfield code="a">Republicano (Socorro, N.M.)</subfield></datafield><datafield ind1="1" ind2="3" tag="245"><subfield code="a">El republicano.</subfield></datafield><datafield ind1=" " ind2=" " tag="260"><subfield code="a">Socorro, N.M. :</subfield><subfield code="b">W.E. Martin</subfield></datafield><datafield ind1=" " ind2=" " tag="300"><subfield code="a">v.</subfield></datafield><datafield ind1=" " ind2=" " tag="310"><subfield code="a">Weekly</subfield></datafield><datafield ind1="1" ind2=" " tag="362"><subfield code="a">Began in 1898?</subfield></datafield><datafield ind1=" " ind2=" " tag="500"><subfield code="a">Microfilm published by BMI Imaging Systems; issued in series: Chicano serials collection.</subfield></datafield><datafield ind1=" " ind2=" " tag="500"><subfield code="a">Filmed with other titles.</subfield></datafield><datafield ind1=" " ind2=" " tag="546"><subfield code="a">In English and Spanish.</subfield></datafield><datafield ind1=" " ind2=" " tag="588"><subfield code="a">Description based on: T. 1, num. 18 (agosto 27 de 1898).</subfield></datafield><datafield ind1=" " ind2=" " tag="588"><subfield code="a">Latest issue consulted: Vol. 3, no. 11 (March 16, 1901).</subfield></datafield><datafield ind1=" " ind2="0" tag="651"><subfield code="a">Socorro (N.M.)</subfield><subfield code="v">Newspapers.</subfield></datafield><datafield ind1=" " ind2="0" tag="651"><subfield code="a">Socorro County (N.M.)</subfield><subfield code="v">Newspapers.</subfield></datafield><datafield ind1=" " ind2="7" tag="651"><subfield code="a">New Mexico</subfield><subfield code="z">Socorro.</subfield><subfield code="2">fast</subfield><subfield code="0">(OCoLC)fst01209291</subfield></datafield><datafield ind1=" " ind2="7" tag="651"><subfield code="a">New Mexico</subfield><subfield code="z">Socorro County.</subfield><subfield code="2">fast</subfield><subfield code="0">(OCoLC)fst01218291</subfield></datafield><datafield ind1=" " ind2="7" tag="655"><subfield code="a">Newspapers.</subfield><subfield code="2">fast</subfield><subfield code="0">(OCoLC)fst01423814</subfield></datafield><datafield ind1=" " ind2=" " tag="752"><subfield code="a">United States</subfield><subfield code="b">New Mexico</subfield><subfield code="c">Socorro</subfield><subfield code="d">Socorro.</subfield></datafield><datafield ind1="0" ind2="8" tag="776"><subfield code="i">Online version:</subfield><subfield code="t">Republicano (Socorro, N.M.)</subfield><subfield code="w">(OCoLC)742775779</subfield></datafield><datafield ind1="0" ind2="8" tag="776"><subfield code="i">Microfilm version:</subfield><subfield code="t">Republicano (Socorro, N.M.)</subfield><subfield code="w">(OCoLC)45745701</subfield></datafield><datafield ind1="4" ind2="1" tag="856"><subfield code="u">http://infoweb.newsbank.com/?db=EANX&amp;s_browseRef=decades/11E37E7B608DF1A7/all.xml</subfield></datafield><datafield ind1="1" ind2=" " tag="029"><subfield code="a">AU@</subfield><subfield code="b">000020737246</subfield></datafield></record>